%GNS3 References

@online{router,
  author = {Cisco},
  title = {What is a Network Switch vs. a Router?},
  urlaccessdate = {novembro de 2016},
  url = {\url{https://www.cisco.com/cisco/web/solutions/small_business/resource_center/articles/connect_employees_and_offices/what_is_a_network_switch/index.html}}
}



@misc{redesSim,
	author = {Jianli Pan},
	title = {A Survey of Network Simulation Tools: Current Status and Future Developments
},
	year = {2008},
	urlaccessdate = {novembro de 2016},
	url = {\url{http://www.cse.wustl.edu/~jain/cse567-08/ftp/simtools/}}
}



@BOOK {behrouza.forouzan2013,
    author    = "Behrouz A. Forouzan",
    title     = "Redes de Computadores: Uma Abordagem Top-down",
    publisher = "AMGH",
    year      = "2013",
    volume    = "1"
}

@misc {rfc7230,
    author = "R. Fielding, Ed.",
    title  = "RFC 7230",
    year   = "2014",
    urlaccessdate = {novembro de 2016},
    url    = {\url{https://tools.ietf.org/html/rfc7230}}
}

@book{kurose,
  author    = {James F. Kurose and Keith W. Ross}, 
  title     = {Computer Networking: a Top - Down Approach},
  publisher = {Pearson Education},
  year      = 2013,
  edition   = 6,
  isbn      = {978-0-13-285620-1}
}

@BOOK {theodorenelson1981,
    author    = "Theodore Nelson",
    title     = "Literary Machines",
    publisher = "Mindful Press",
    year      = "1981"
}

@BOOK {amyot,
    author    = "Daniel Amyot",
    title     = "System Analysis and Modeling: Models and Reusability",
    publisher = "Springer",
    year      = "2014"
}

@ONLINE {VirtualBox,
    author = "Oracle",
    title  = "Virtual Box",
    year   = "2016",
    urlaccessdate = {novembro de 2016},
    url    = "https://www.virtualbox.org/"
}